@Article{Cowling,
author = {Peter I. Cowling and Edward J. Powley and Daniel Whitehouse},
title = {Information Set Monte Carlo Tree Search},
journal = {IEEE Transactions on Computational Intelligentce and AI in Games},
year = {2012},
month = {June},
volume = {4},
number = {2},
}

@Article{Guhe,
author = {Markus Guhe and Alex Lascarides},
title = {Game strategies for The Settlers of Catan},
journal = {2014 IEEE Conference on Computational Intelligence and Games},
year = {2014},
}

@Article{Pfeiffer,
author = {Michael Pfeiffer},
title = {Reinforcement Learning of Strategies for Settlers of Catan},
journal = {International Conference on Computer Games: Artificial Intelligence, Design and Education 2004},
year = {2004},
}

@Article{Szita,
author = {Istvan Szita and Guillaume Chaslot and Pieter Spronck},
title = {Monte-Carlo Tree Search in Settlers of Catan},
journal = {Advances in Computer Games},
year = {2009},
}

@phdthesis{Asraf,
author = {Omar Ashraf and Christopher Kim},
title = {CPSC 490 Project Proposal: Computational Intelligence for Settlers of Catan},
year = {2018}
}